<record><leader>00000cas a2200000 a 4500</leader><controlfield tag="001">34470829</controlfield><controlfield tag="008">960327d189u1uuunmuwr ne      0    0eng c</controlfield><datafield ind1=" " ind2=" " tag="010"><subfield code="a">sn 96061020 </subfield></datafield><datafield ind1=" " ind2=" " tag="040"><subfield code="a">CUY</subfield><subfield code="b">eng</subfield><subfield code="c">CNK</subfield><subfield code="d">OCLCQ</subfield><subfield code="d">CNK</subfield><subfield code="d">OCLCQ</subfield></datafield><datafield ind1=" " ind2=" " tag="042"><subfield code="a">pcc</subfield></datafield><datafield ind1=" " ind2=" " tag="043"><subfield code="a">n-us-nm</subfield></datafield><datafield ind1="0" ind2=" " tag="130"><subfield code="a">Shaft (Rincon, N.M.)</subfield></datafield><datafield ind1="1" ind2="4" tag="245"><subfield code="a">The shaft.</subfield></datafield><datafield ind1=" " ind2=" " tag="260"><subfield code="a">Rincon, N.M. :</subfield><subfield code="b">A.E. Hyland</subfield></datafield><datafield ind1=" " ind2=" " tag="300"><subfield code="a">v.</subfield></datafield><datafield ind1=" " ind2=" " tag="310"><subfield code="a">Weekly</subfield></datafield><datafield ind1=" " ind2=" " tag="588"><subfield code="a">Description based on: Vol. 9, no. 26 (May 30, 1894).</subfield></datafield><datafield ind1=" " ind2="0" tag="651"><subfield code="a">Rincon (N.M.)</subfield><subfield code="v">Newspapers.</subfield></datafield><datafield ind1=" " ind2=" " tag="752"><subfield code="a">United States</subfield><subfield code="b">New Mexico</subfield><subfield code="c">Sierra</subfield><subfield code="d">Rincon.</subfield></datafield><datafield ind1="0" ind2="0" tag="780"><subfield code="t">Kingston weekly shaft</subfield><subfield code="w">(DLC)sn 86063587</subfield></datafield><datafield ind1="1" ind2=" " tag="029"><subfield code="a">AU@</subfield><subfield code="b">000025929567</subfield></datafield></record>